
@inproceedings{laperdrix_beauty_2016,
  title = {Beauty and the Beast: {{Diverting}} Modern Web Browsers to Build Unique Browser Fingerprints},
  shorttitle = {Beauty and the Beast},
  booktitle = {Security and {{Privacy}} ({{SP}}), 2016 {{IEEE Symposium}} On},
  publisher = {{IEEE}},
  author = {Laperdrix, Pierre and Rudametkin, Walter and Baudry, Benoit},
  year = {2016},
  pages = {878--894}
}

@article{mowery_pixel_2012,
  title = {Pixel Perfect: {{Fingerprinting}} Canvas in {{HTML5}}},
  shorttitle = {Pixel Perfect},
  journal = {Proceedings of W2SP},
  author = {Mowery, Keaton and Shacham, Hovav},
  year = {2012},
  pages = {1--12}
}

@inproceedings{acar_fpdetective_2013,
  title = {{{FPDetective}}: Dusting the Web for Fingerprinters},
  isbn = {978-1-4503-2477-9},
  shorttitle = {{{FPDetective}}},
  doi = {10.1145/2508859.2516674},
  language = {en},
  publisher = {{ACM Press}},
  author = {Acar, Gunes and Juarez, Marc and Nikiforakis, Nick and Diaz, Claudia and G{\"u}rses, Seda and Piessens, Frank and Preneel, Bart},
  year = {2013},
  pages = {1129--1140}
}

@inproceedings{acar_web_2014,
  title = {The {{Web Never Forgets}}: {{Persistent Tracking Mechanisms}} in the {{Wild}}},
  isbn = {978-1-4503-2957-6},
  shorttitle = {The {{Web Never Forgets}}},
  doi = {10.1145/2660267.2660347},
  language = {en},
  publisher = {{ACM Press}},
  author = {Acar, Gunes and Eubank, Christian and Englehardt, Steven and Juarez, Marc and Narayanan, Arvind and Diaz, Claudia},
  year = {2014},
  pages = {674--689}
}



@inproceedings{murdoch_hot_2006,
  title = {Hot or Not: {{Revealing}} Hidden Services by Their Clock Skew},
  shorttitle = {Hot or Not},
  booktitle = {Proceedings of the 13th {{ACM}} Conference on {{Computer}} and Communications Security},
  publisher = {{ACM}},
  author = {Murdoch, Steven J.},
  year = {2006},
  pages = {27--36}
}


@incollection{olejnik_leaking_2015,
  title = {The Leaking Battery},
  booktitle = {Data {{Privacy Management}}, and {{Security Assurance}}},
  publisher = {{Springer}},
  author = {Olejnik, $\backslash$Lukasz and Acar, Gunes and Castelluccia, Claude and Diaz, Claudia},
  year = {2015},
  pages = {254--263},
  file = {/Users/glaser/Zotero/storage/4UFJMET5/616.pdf}
}

@inproceedings{nikiforakis_cookieless_2013,
  title = {Cookieless Monster: {{Exploring}} the Ecosystem of Web-Based Device Fingerprinting},
  shorttitle = {Cookieless Monster},
  booktitle = {Security and Privacy ({{SP}}), 2013 {{IEEE}} Symposium On},
  publisher = {{IEEE}},
  author = {Nikiforakis, Nick and Kapravelos, Alexandros and Joosen, Wouter and Kruegel, Christopher and Piessens, Frank and Vigna, Giovanni},
  year = {2013},
  pages = {541--555}
}

@inproceedings{yen_host_2012,
  title = {Host {{Fingerprinting}} and {{Tracking}} on the {{Web}}: {{Privacy}} and {{Security Implications}}.},
  shorttitle = {Host {{Fingerprinting}} and {{Tracking}} on the {{Web}}},
  booktitle = {{{NDSS}}},
  author = {Yen, Ting-Fang and Xie, Yinglian and Yu, Fang and Yu, Roger Peng and Abadi, Martin},
  year = {2012},
  pages = {16}
}

@inproceedings{cao_cross-browser_2017,
  title = {({{Cross}}-){{Browser Fingerprinting}} via {{OS}} and {{Hardware Level Features}}},
  isbn = {978-1-891562-46-4},
  doi = {10.14722/ndss.2017.23152},
  language = {en},
  publisher = {{Internet Society}},
  author = {Cao, Yinzhi and Li, Song and Wijmans, Erik},
  year = {2017}
}

@inproceedings{fifield_fingerprinting_2015,
  title = {Fingerprinting Web Users through Font Metrics},
  booktitle = {International {{Conference}} on {{Financial Cryptography}} and {{Data Security}}},
  publisher = {{Springer}},
  author = {Fifield, David and Egelman, Serge},
  year = {2015},
  pages = {107--124}
}

@inproceedings{eckersley_how_2010,
  title = {How Unique Is Your Web Browser?},
  booktitle = {International {{Symposium}} on {{Privacy Enhancing Technologies Symposium}}},
  publisher = {{Springer}},
  author = {Eckersley, Peter},
  year = {2010},
  pages = {1--18}
}

@incollection{ricci_panorama_2015,
  address = {Boston, MA},
  title = {Panorama of {{Recommender Systems}} to {{Support Learning}}},
  isbn = {978-1-4899-7636-9 978-1-4899-7637-6},
  language = {en},
  booktitle = {Recommender {{Systems Handbook}}},
  publisher = {{Springer US}},
  author = {Drachsler, Hendrik and Verbert, Katrien and Santos, Olga C. and Manouselis, Nikos},
  editor = {Ricci, Francesco and Rokach, Lior and Shapira, Bracha},
  year = {2015},
  pages = {421--451},
  doi = {10.1007/978-1-4899-7637-6_12}
}



